@inproceedings{stylos04,
 author = {Stylos, Jeffrey and Myers, Brad A. and Faulring, Andrew},
 title = {Citrine: Providing Intelligent Copy-and-paste},
 booktitle = {Proceedings of the 17th Annual ACM Symposium on User Interface Software and Technology},
 series = {UIST '04},
 year = {2004},
 isbn = {1-58113-957-8},
 location = {Santa Fe, NM, USA},
 pages = {185--188},
 numpages = {4},
 url = {http://doi.acm.org/10.1145/1029632.1029665},
 doi = {10.1145/1029632.1029665},
 acmid = {1029665},
 publisher = {ACM},
 address = {New York, NY, USA},
 keywords = {copy-and-paste, intelligent user interfaces, web-pasting},
},

@inproceedings{Harris:2011:STT:1993498.1993536,
 author = {Harris, William R. and Gulwani, Sumit},
 title = {Spreadsheet Table Transformations from Examples},
 booktitle = {Proceedings of the 32Nd ACM SIGPLAN Conference on Programming Language Design and Implementation},
 series = {PLDI '11},
 year = {2011},
 isbn = {978-1-4503-0663-8},
 location = {San Jose, California, USA},
 pages = {317--328},
 numpages = {12},
 url = {http://doi.acm.org/10.1145/1993498.1993536},
 doi = {10.1145/1993498.1993536},
 acmid = {1993536},
 publisher = {ACM},
 address = {New York, NY, USA},
 keywords = {end-user programming, program synthesis, programming by example, spreadsheet programming, table manipulation, user intent},
} 

@article{harris11,
 author = {Harris, William R. and Gulwani, Sumit},
 title = {Spreadsheet Table Transformations from Examples},
 journal = {SIGPLAN Not.},
 issue_date = {June 2011},
 volume = {46},
 number = {6},
 month = jun,
 year = {2011},
 issn = {0362-1340},
 pages = {317--328},
 numpages = {12},
 url = {http://doi.acm.org/10.1145/1993316.1993536},
 doi = {10.1145/1993316.1993536},
 acmid = {1993536},
 publisher = {ACM},
 address = {New York, NY, USA},
 keywords = {end-user programming, program synthesis, programming by example, spreadsheet programming, table manipulation, user intent},
} 

@inproceedings{wang13,
  author    = {Shaohua Wang and
               Ying Zou and
               Bipin Upadhyaya and
               Joanna Ng},
  title     = {An Intelligent Framework for Auto-filling Web Forms from Different
               Web Applications},
  booktitle = {{IEEE} Ninth World Congress on Services, {SERVICES} 2013, Santa Clara,
               CA, USA, June 28 - July 3, 2013},
  pages     = {175--179},
  year      = {2013},
  url       = {https://doi.org/10.1109/SERVICES.2013.19},
  doi       = {10.1109/SERVICES.2013.19},
  timestamp = {Tue, 23 May 2017 01:00:00 +0200},
  biburl    = {https://dblp.org/rec/bib/conf/services/WangZUN13},
  bibsource = {dblp computer science bibliography, https://dblp.org}
}

@inproceedings{mickens10,
 author = {Mickens, James and Elson, Jeremy and Howell, Jon},
 title = {Mugshot: Deterministic Capture and Replay for Javascript Applications},
 booktitle = {Proceedings of the 7th USENIX Conference on Networked Systems Design and Implementation},
 series = {NSDI'10},
 year = {2010},
 location = {San Jose, California},
 pages = {11--11},
 numpages = {1},
 url = {http://dl.acm.org/citation.cfm?id=1855711.1855722},
 acmid = {1855722},
 publisher = {USENIX Association},
 address = {Berkeley, CA, USA},
} 

@inproceedings{sarma10,
 author = {Das Sarma, Anish and Parameswaran, Aditya and Garcia-Molina, Hector and Widom, Jennifer},
 title = {Synthesizing View Definitions from Data},
 booktitle = {Proceedings of the 13th International Conference on Database Theory},
 series = {ICDT '10},
 year = {2010},
 isbn = {978-1-60558-947-3},
 location = {Lausanne, Switzerland},
 pages = {89--103},
 numpages = {15},
 url = {http://doi.acm.org/10.1145/1804669.1804683},
 doi = {10.1145/1804669.1804683},
 acmid = {1804683},
 publisher = {ACM},
 address = {New York, NY, USA},
 keywords = {algorithms, complexity, query synthesis, view definitions},
}

@inproceedings{gulwani14,
 author = {Gulwani, Sumit and Marron, Mark},
 title = {NLyze: Interactive Programming by Natural Language for Spreadsheet Data Analysis and Manipulation},
 booktitle = {Proceedings of the 2014 ACM SIGMOD International Conference on Management of Data},
 series = {SIGMOD '14},
 year = {2014},
 isbn = {978-1-4503-2376-5},
 location = {Snowbird, Utah, USA},
 pages = {803--814},
 numpages = {12},
 url = {http://doi.acm.org/10.1145/2588555.2612177},
 doi = {10.1145/2588555.2612177},
 acmid = {2612177},
 publisher = {ACM},
 address = {New York, NY, USA},
 keywords = {end-user programming, program synthesis, spreadsheet programming, user intent},
} 

@inproceedings{kandel11,
 author = {Kandel, Sean and Paepcke, Andreas and Hellerstein, Joseph and Heer, Jeffrey},
 title = {Wrangler: Interactive Visual Specification of Data Transformation Scripts},
 booktitle = {Proceedings of the SIGCHI Conference on Human Factors in Computing Systems},
 series = {CHI '11},
 year = {2011},
 isbn = {978-1-4503-0228-9},
 location = {Vancouver, BC, Canada},
 pages = {3363--3372},
 numpages = {10},
 url = {http://doi.acm.org/10.1145/1978942.1979444},
 doi = {10.1145/1978942.1979444},
 acmid = {1979444},
 publisher = {ACM},
 address = {New York, NY, USA},
 keywords = {data analysis, data cleaning, transformation, visualization, wrangler},
} 

@INPROCEEDINGS{alur13, 
author={R. {Alur} and R. {Bodik} and G. {Juniwal} and M. M. K. {Martin} and M. {Raghothaman} and S. A. {Seshia} and R. {Singh} and A. {Solar-Lezama} and E. {Torlak} and A. {Udupa}}, 
booktitle={2013 Formal Methods in Computer-Aided Design}, 
title={Syntax-guided synthesis}, 
year={2013}, 
volume={}, 
number={}, 
pages={1-8}, 
keywords={automatic programming;computational linguistics;formal specification;program verification;syntax-guided synthesis problem;program-synthesis problem;semantic correctness specification;program optimization;logical specification;syntactic template;computational problem;SyGuS;logical formula;counter-example-guided-inductive-synthesis strategy;CEGIS;program verification;Grammar;Syntactics;Heuristic algorithms;Concrete;Search problems;Libraries;Production}, 
doi={10.1109/FMCAD.2013.6679385}, 
ISSN={}, 
month={Oct},}

@article{alur18,
 author = {Alur, Rajeev and Singh, Rishabh and Fisman, Dana and Solar-Lezama, Armando},
 title = {Search-based Program Synthesis},
 journal = {Commun. ACM},
 issue_date = {December 2018},
 volume = {61},
 number = {12},
 month = nov,
 year = {2018},
 issn = {0001-0782},
 pages = {84--93},
 numpages = {10},
 url = {http://doi.acm.org/10.1145/3208071},
 doi = {10.1145/3208071},
 acmid = {3208071},
 publisher = {ACM},
 address = {New York, NY, USA},
} 

@INPROCEEDINGS{stolee09, 
author={K. T. {Stolee} and S. {Elbaum} and G. {Rothermel}}, 
booktitle={2009 IEEE Symposium on Visual Languages and Human-Centric Computing (VL/HCC)}, 
title={Revealing the copy and paste habits of end users}, 
year={2009}, 
volume={}, 
number={}, 
pages={59-66}, 
keywords={behavioural sciences computing;user centred design;copy-and-paste habits;end users;clipboard interactions;usage patterns;desktop environment;clipboard support tools;Productivity;Programming profession;Delay;Computer science;Data engineering;Application software;Computer errors;Information retrieval;Error correction;Switches}, 
doi={10.1109/VLHCC.2009.5295296}, 
ISSN={1943-6092}, 
month={Sep.},}

@inproceedings{gulwani15,
 author = {Gulwani, Sumit},
 title = {Automating Repetitive Tasks for the Masses},
 booktitle = {Proceedings of the 42Nd Annual ACM SIGPLAN-SIGACT Symposium on Principles of Programming Languages},
 series = {POPL '15},
 year = {2015},
 isbn = {978-1-4503-3300-9},
 location = {Mumbai, India},
 pages = {1--2},
 numpages = {2},
 url = {http://doi.acm.org/10.1145/2676726.2682621},
 doi = {10.1145/2676726.2682621},
 acmid = {2682621},
 publisher = {ACM},
 address = {New York, NY, USA},
 keywords = {computer-aided education, domain-specific languages, end-user programming, program synthesis, programming by examples, programming by natural language, search algorithms},
} 

@inproceedings{raza17,
  author    = {Mohammad Raza and
               Sumit Gulwani},
  title     = {Automated Data Extraction Using Predictive Program Synthesis},
  booktitle = {Proceedings of the Thirty-First {AAAI} Conference on Artificial Intelligence,
               February 4-9, 2017, San Francisco, California, {USA.}},
  pages     = {882--890},
  year      = {2017},
  url       = {http://aaai.org/ocs/index.php/AAAI/AAAI17/paper/view/15034},
  timestamp = {Mon, 06 Mar 2017 11:36:24 +0100},
  biburl    = {https://dblp.org/rec/bib/conf/aaai/RazaG17},
  bibsource = {dblp computer science bibliography, https://dblp.org}
}

@inproceedings{gulwani11,
 author = {Gulwani, Sumit},
 title = {Automating String Processing in Spreadsheets Using Input-output Examples},
 booktitle = {Proceedings of the 38th Annual ACM SIGPLAN-SIGACT Symposium on Principles of Programming Languages},
 series = {POPL '11},
 year = {2011},
 isbn = {978-1-4503-0490-0},
 location = {Austin, Texas, USA},
 pages = {317--330},
 numpages = {14},
 url = {http://doi.acm.org/10.1145/1926385.1926423},
 doi = {10.1145/1926385.1926423},
 acmid = {1926423},
 publisher = {ACM},
 address = {New York, NY, USA},
 keywords = {program synthesis, programming by example (pbe), spreadsheet programming, string manipulation, user intent, version space algebra},
} 

@article{schkufza16,
 author = {Schkufza, Eric and Sharma, Rahul and Aiken, Alex},
 title = {Stochastic Program Optimization},
 journal = {Commun. ACM},
 issue_date = {February 2016},
 volume = {59},
 number = {2},
 month = jan,
 year = {2016},
 issn = {0001-0782},
 pages = {114--122},
 numpages = {9},
 url = {http://doi.acm.org/10.1145/2863701},
 doi = {10.1145/2863701},
 acmid = {2863701},
 publisher = {ACM},
 address = {New York, NY, USA},
} 

@inproceedings{burg13,
 author = {Burg, Brian and Bailey, Richard and Ko, Andrew J. and Ernst, Michael D.},
 title = {Interactive Record/Replay for Web Application Debugging},
 booktitle = {Proceedings of the 26th Annual ACM Symposium on User Interface Software and Technology},
 series = {UIST '13},
 year = {2013},
 isbn = {978-1-4503-2268-3},
 location = {St. Andrews, Scotland, United Kingdom},
 pages = {473--484},
 numpages = {12},
 url = {http://doi.acm.org/10.1145/2501988.2502050},
 doi = {10.1145/2501988.2502050},
 acmid = {2502050},
 publisher = {ACM},
 address = {New York, NY, USA},
 keywords = {debugging, deterministic replay, web applications},
} 

@article{ronsse99,
 author = {Ronsse, Michiel and De Bosschere, Koen},
 title = {RecPlay: A Fully Integrated Practical Record/Replay System},
 journal = {ACM Trans. Comput. Syst.},
 issue_date = {May 1999},
 volume = {17},
 number = {2},
 month = may,
 year = {1999},
 issn = {0734-2071},
 pages = {133--152},
 numpages = {20},
 url = {http://doi.acm.org/10.1145/312203.312214},
 doi = {10.1145/312203.312214},
 acmid = {312214},
 publisher = {ACM},
 address = {New York, NY, USA},
 keywords = {binary code modification, multithreaded programming, race detection},
} 

@article{he18,
 author = {He, Yeye and Chu, Xu and Ganjam, Kris and Zheng, Yudian and Narasayya, Vivek and Chaudhuri, Surajit},
 title = {Transform-data-by-example (TDE): An Extensible Search Engine for Data Transformations},
 journal = {Proc. VLDB Endow.},
 issue_date = {June 2018},
 volume = {11},
 number = {10},
 month = jun,
 year = {2018},
 issn = {2150-8097},
 pages = {1165--1177},
 numpages = {13},
 url = {https://doi.org/10.14778/3231751.3231766},
 doi = {10.14778/3231751.3231766},
 acmid = {3242936},
 publisher = {VLDB Endowment},
} 

@inproceedings{jin17,
 author = {Jin, Zhongjun and Anderson, Michael R. and Cafarella, Michael and Jagadish, H. V.},
 title = {Foofah: Transforming Data By Example},
 booktitle = {Proceedings of the 2017 ACM International Conference on Management of Data},
 series = {SIGMOD '17},
 year = {2017},
 isbn = {978-1-4503-4197-4},
 location = {Chicago, Illinois, USA},
 pages = {683--698},
 numpages = {16},
 url = {http://doi.acm.org/10.1145/3035918.3064034},
 doi = {10.1145/3035918.3064034},
 acmid = {3064034},
 publisher = {ACM},
 address = {New York, NY, USA},
 keywords = {a* algorithm, data transformation, heuristic, program synthesis, programming by example},
} 

@inproceedings{raman01,
 author = {Raman, Vijayshankar and Hellerstein, Joseph M.},
 title = {Potter's Wheel: An Interactive Data Cleaning System},
 booktitle = {Proceedings of the 27th International Conference on Very Large Data Bases},
 series = {VLDB '01},
 year = {2001},
 isbn = {1-55860-804-4},
 pages = {381--390},
 numpages = {10},
 url = {http://dl.acm.org/citation.cfm?id=645927.672045},
 acmid = {672045},
 publisher = {Morgan Kaufmann Publishers Inc.},
 address = {San Francisco, CA, USA},
}

@article{kandel11.2,
 author = {Kandel, Sean and Heer, Jeffrey and Plaisant, Catherine and Kennedy, Jessie and van Ham, Frank and Riche, Nathalie Henry and Weaver, Chris and Lee, Bongshin and Brodbeck, Dominique and Buono, Paolo},
 title = {Research Directions in Data Wrangling: Visuatizations and Transformations for Usable and Credible Data},
 journal = {Information Visualization},
 issue_date = {October 2011},
 volume = {10},
 number = {4},
 month = oct,
 year = {2011},
 issn = {1473-8716},
 pages = {271--288},
 numpages = {18},
 url = {http://dx.doi.org/10.1177/1473871611415994},
 doi = {10.1177/1473871611415994},
 acmid = {2336223},
 publisher = {Palgrave Macmillan},
 keywords = {data cleaning, data quality, data transformation, uncertainty, visualization},
} 

@inproceedings{morcos15,
 author = {Morcos, John and Abedjan, Ziawasch and Ilyas, Ihab Francis and Ouzzani, Mourad and Papotti, Paolo and Stonebraker, Michael},
 title = {DataXFormer: An Interactive Data Transformation Tool},
 booktitle = {Proceedings of the 2015 ACM SIGMOD International Conference on Management of Data},
 series = {SIGMOD '15},
 year = {2015},
 isbn = {978-1-4503-2758-9},
 location = {Melbourne, Victoria, Australia},
 pages = {883--888},
 numpages = {6},
 url = {http://doi.acm.org/10.1145/2723372.2735366},
 doi = {10.1145/2723372.2735366},
 acmid = {2735366},
 publisher = {ACM},
 address = {New York, NY, USA},
 keywords = {data enrichment, data integration, data transformation, deep web, web forms, web tables, wrapper},
} 

@article{feng17,
 author = {Feng, Yu and Martins, Ruben and Van Geffen, Jacob and Dillig, Isil and Chaudhuri, Swarat},
 title = {Component-based Synthesis of Table Consolidation and Transformation Tasks from Examples},
 journal = {SIGPLAN Not.},
 issue_date = {June 2017},
 volume = {52},
 number = {6},
 month = jun,
 year = {2017},
 issn = {0362-1340},
 pages = {422--436},
 numpages = {15},
 url = {http://doi.acm.org/10.1145/3140587.3062351},
 doi = {10.1145/3140587.3062351},
 acmid = {3062351},
 publisher = {ACM},
 address = {New York, NY, USA},
 keywords = {Component-based synthesis, Data preparation, Program synthesis, Programming by example, SMT-based deduction},
} 

@article{feser15,
 author = {Feser, John K. and Chaudhuri, Swarat and Dillig, Isil},
 title = {Synthesizing Data Structure Transformations from Input-output Examples},
 journal = {SIGPLAN Not.},
 issue_date = {June 2015},
 volume = {50},
 number = {6},
 month = jun,
 year = {2015},
 issn = {0362-1340},
 pages = {229--239},
 numpages = {11},
 url = {http://doi.acm.org/10.1145/2813885.2737977},
 doi = {10.1145/2813885.2737977},
 acmid = {2737977},
 publisher = {ACM},
 address = {New York, NY, USA},
 keywords = {Program synthesis, automated deduction, data transformations, programming by example, search-based synthesis},
} 

@article{smith16,
 author = {Smith, Calvin and Albarghouthi, Aws},
 title = {MapReduce Program Synthesis},
 journal = {SIGPLAN Not.},
 issue_date = {June 2016},
 volume = {51},
 number = {6},
 month = jun,
 year = {2016},
 issn = {0362-1340},
 pages = {326--340},
 numpages = {15},
 url = {http://doi.acm.org/10.1145/2980983.2908102},
 doi = {10.1145/2980983.2908102},
 acmid = {2908102},
 publisher = {ACM},
 address = {New York, NY, USA},
 keywords = {data analysis, program synthesis, verification},
} 

@inproceedings{rolim17,
 author = {Rolim, Reudismam and Soares, Gustavo and D'Antoni, Loris and Polozov, Oleksandr and Gulwani, Sumit and Gheyi, Rohit and Suzuki, Ryo and Hartmann, Bj\"{o}rn},
 title = {Learning Syntactic Program Transformations from Examples},
 booktitle = {Proceedings of the 39th International Conference on Software Engineering},
 series = {ICSE '17},
 year = {2017},
 isbn = {978-1-5386-3868-2},
 location = {Buenos Aires, Argentina},
 pages = {404--415},
 numpages = {12},
 url = {https://doi.org/10.1109/ICSE.2017.44},
 doi = {10.1109/ICSE.2017.44},
 acmid = {3097417},
 publisher = {IEEE Press},
 address = {Piscataway, NJ, USA},
 keywords = {program synthesis, program transformation, refactoring, tutoring systems},
}
